@article{patel,
title = "A Cellular Automaton Model of Early Tumor Growth and Invasion: The Effects of Native Tissue Vascularity and Increased Anaerobic Tumor Metabolism",
journal = "Journal of Theoretical Biology",
volume = "213",
number = "3",
pages = "315 - 331",
year = "2001",
note = "",
issn = "0022-5193",
doi = "10.1006/jtbi.2001.2385",
url = "http://www.sciencedirect.com/science/article/pii/S0022519301923859",
author = "Aalpen A. Patel and Edward T. Gawlinski and Susan K. Lemieux and Robert A. Gatenby"
}

@Article{grif,
   Author="Griffiths, J. R. ",
   Title="{{A}re cancer cells acidic?}",
   Journal="Br. J. Cancer",
   Year="1991",
   Volume="64",
   Number="3",
   Pages="425--427",
   Month="Sep"
}

@Article{roz,
   Author="Rozhin, J.  and Sameni, M.  and Ziegler, G.  and Sloane, B. F. ",
   Title="{{P}ericellular p{H} affects distribution and secretion of cathepsin {B} in malignant cells}",
   Journal="Cancer Res.",
   Year="1994",
   Volume="54",
   Number="24",
   Pages="6517--6525",
   Month="Dec"
}

@Article{yama,
   Author="Yamasaki, H. ",
   Title="{{A}berrant expression and function of gap junctions during carcinogenesis}",
   Journal="Environ. Health Perspect.",
   Year="1991",
   Volume="93",
   Pages="191--197",
   Month="Jun"
}

@Article{Gull,
   Author="Gullino, P. M.  and Grantham, F. H.  and Courtney, A. H.  and Losonczy, I. ",
   Title="{{R}elationship between oxygen and glucose consumption by transplanted tumors in vivo}",
   Journal="Cancer Res.",
   Year="1967",
   Volume="27",
   Number="6",
   Pages="1041--1052",
   Month="Jun"
}

@article{gate,
  title={A reaction-diffusion model of cancer invasion},
  author={Gatenby, R.A. and Gawlinski, E.T.},
  journal={Cancer Research},
  volume={56},
  number={24},
  pages={5745--5753},
  year={1996},
  publisher={AACR}
}